@article{keahey_2013,
  title={Using visualization to understand big data},
  author={Keahey, T Alan},
  journal={IBM Business Analytics Advanced Visualisation},
  year={2013}
}

@book{fisher_2017,
  title={Making data visual: a practical guide to using visualization for insight},
  author={Fisher, Danyel and Meyer, Miriah},
  year={2017},
  publisher={" O'Reilly Media, Inc."}
}

@inproceedings{caldarola_2017,
  title={Big Data Visualization Tools: A Survey},
  author={Caldarola, Enrico G and Rinaldi, Antonio M},
  booktitle={Proceedings of the 6th International Conference on Data Science, Technology and Applications},
  pages={296--305},
  year={2017},
  organization={SCITEPRESS-Science and Technology Publications, Lda}
}

@article{conway_2015,
author = {Conway, Caroline and Graham, Jennifer L and Chengot, Preetha and Daly, Catherine and Chalkley, Rebecca and Ross, Lisa and Droop, Alastair and Rabbitts, Pamela and Stead, Lucy F}, 
title = {Elucidating drivers of oral epithelial dysplasia formation and malignant transformation to cancer using RNAseq}, 
journal = {Oncotarget},  
volume = {6}, 
number = {37}, 
publisher = {Impact Journals, LLC},  
issn = {1949-2553},  
url = {https://www.oncotarget.com/article/5529/}, 
doi = {https://doi.org/10.18632/oncotarget.5529}, 
pages = {40186-40201}, 
year = {2015}, 
}

@article{ritchie_2015,
    author = {Matthew E Ritchie and Belinda Phipson and Di Wu and Yifang Hu and Charity W Law and Wei Shi and Gordon K Smyth},
    title = {{limma} powers differential expression analyses for {RNA}-sequencing and microarray studies},
    journal = {Nucleic Acids Research},
    year = {2015},
    volume = {43},
    number = {7},
    pages = {e47},
    doi = {10.1093/nar/gkv007},
}

@article{friendly_2001,
	title={Milestones in the history of thematic cartography, statistical graphics, and data visualization},
	author={Friendly, Michael and Denis, Daniel J},
	journal={URL http://www. datavis. ca/milestones},
	volume={32},
	pages={13},
	year={2001},
	publisher={Citeseer}
}

@book{bertin_2011,
	title={Semiology of Graphics: Diagrams, Networks, Maps},
	author={Bertin, J.},
	isbn={9781589482616},
	lccn={2010031657},
	url={https://books.google.de/books?id=X5caQwAACAAJ},
	year={2011},
	publisher={ESRI Press}
}

@article{odonoghue_2018,
	title={Visualization of biomedical data},
	author={O'Donoghue, Se{\'a}n I and Baldi, Benedetta Frida and Clark, Susan J and Darling, Aaron E and Hogan, James M and Kaur, Sandeep and Maier-Hein, Lena and McCarthy, Davis J and Moore, William J and Stenau, Esther and others},
	journal={Annual Review of Biomedical Data Science},
	volume={1},
	pages={275--304},
	year={2018},
	publisher={Annual Reviews}
}

@article{hegarty_2011,
	title={The cognitive science of visual-spatial displays: Implications for design},
	author={Hegarty, Mary},
	journal={Topics in cognitive science},
	volume={3},
	number={3},
	pages={446--474},
	year={2011},
	publisher={Wiley Online Library}
}

@inproceedings{heer_2009,
	title={Sizing the horizon: the effects of chart size and layering on the graphical perception of time series visualizations},
	author={Heer, Jeffrey and Kong, Nicholas and Agrawala, Maneesh},
	booktitle={Proceedings of the SIGCHI conference on human factors in computing systems},
	pages={1303--1312},
	year={2009}
}

@article{bresciani_2009,
	title={The risks of visualization},
	author={Bresciani, Sabrina and Eppler, Martin J},
	journal={Identit{\"a}t und Vielfalt der Kommunikations-wissenschaft (2009)},
	pages={165--178},
	year={2009}
}

@article{zhao_2012,
	title={Facilitating discourse analysis with interactive visualization},
	author={Zhao, Jian and Chevalier, Fanny and Collins, Christopher and Balakrishnan, Ravin},
	journal={IEEE Transactions on Visualization and Computer Graphics},
	volume={18},
	number={12},
	pages={2639--2648},
	year={2012},
	publisher={IEEE}
}

@article{becker_1987,
	title={Brushing scatterplots},
	author={Becker, Richard A and Cleveland, William S},
	journal={Technometrics},
	volume={29},
	number={2},
	pages={127--142},
	year={1987},
	publisher={Taylor \& Francis}
}

@techreport{newman_1979,
	title={Principles of interactive computer graphics},
	author={Newman, William M},
	year={1979}
}

@article{noronha_2017,
	title={ReconMap: an interactive visualization of human metabolism},
	author={Noronha, Alberto and Dan{\'\i}elsd{\'o}ttir, Anna Dr{\"o}fn and Gawron, Piotr and J{\'o}hannsson, Freyr and J{\'o}nsd{\'o}ttir, Soff{\'\i}a and Jarlsson, Sindri and Gunnarsson, J{\'o}n P{\'e}tur and Brynj{\'o}lfsson, Sigur{\dh}ur and Schneider, Reinhard and Thiele, Ines and others},
	journal={Bioinformatics},
	volume={33},
	number={4},
	pages={605--607},
	year={2017},
	publisher={Oxford University Press}
}

@article{wick_2015,
	title={Bandage: interactive visualization of de novo genome assemblies},
	author={Wick, Ryan R and Schultz, Mark B and Zobel, Justin and Holt, Kathryn E},
	journal={Bioinformatics},
	volume={31},
	number={20},
	pages={3350--3352},
	year={2015},
	publisher={Oxford University Press}
}

@article{hillje_2020,
	title={Cerebro: interactive visualization of scRNA-seq data},
	author={Hillje, Roman and Pelicci, Pier Giuseppe and Luzi, Lucilla},
	journal={Bioinformatics},
	volume={36},
	number={7},
	pages={2311--2313},
	year={2020},
	publisher={Oxford University Press}
}

@article{wu_2010,
	title={OpinionSeer: interactive visualization of hotel customer feedback},
	author={Wu, Yingcai and Wei, Furu and Liu, Shixia and Au, Norman and Cui, Weiwei and Zhou, Hong and Qu, Huamin},
	journal={IEEE transactions on visualization and computer graphics},
	volume={16},
	number={6},
	pages={1109--1118},
	year={2010},
	publisher={IEEE}
}

@article{broman_2015,
	title={R/qtlcharts: interactive graphics for quantitative trait locus mapping},
	author={Broman, Karl W},
	journal={Genetics},
	volume={199},
	number={2},
	pages={359--361},
	year={2015},
	publisher={Oxford University Press}
}

@article{bostock_2011,
	title={D$^3$ data-driven documents},
	author={Bostock, Michael and Ogievetsky, Vadim and Heer, Jeffrey},
	journal={IEEE transactions on visualization and computer graphics},
	volume={17},
	number={12},
	pages={2301--2309},
	year={2011},
	publisher={IEEE}
}

@article{satyanarayan_2015,
	title={Reactive vega: A streaming dataflow architecture for declarative interactive visualization},
	author={Satyanarayan, Arvind and Russell, Ryan and Hoffswell, Jane and Heer, Jeffrey},
	journal={IEEE transactions on visualization and computer graphics},
	volume={22},
	number={1},
	pages={659--668},
	year={2015},
	publisher={IEEE}
}

@article{satyanarayan_2016,
	title={Vega-lite: A grammar of interactive graphics},
	author={Satyanarayan, Arvind and Moritz, Dominik and Wongsuphasawat, Kanit and Heer, Jeffrey},
	journal={IEEE transactions on visualization and computer graphics},
	volume={23},
	number={1},
	pages={341--350},
	year={2016},
	publisher={IEEE}
}

@manual{shiny,
	title={Easy web applications in R.},
	author={{RStudio, Inc}},
	year={2013},
	note={URL: \url{http://www.rstudio.com/shiny/}}
} 

@article{p_2019,
	title={BPG: Seamless, automated and interactive visualization of scientific data},
	author={Pâ€™ng, Christine and Green, Jeffrey and Chong, Lauren C and Waggott, Daryl and Prokopec, Stephenie D and Shamsi, Mehrdad and Nguyen, Francis and Mak, Denise YF and Lam, Felix and Albuquerque, Marco A and others},
	journal={BMC bioinformatics},
	volume={20},
	number={1},
	pages={1--5},
	year={2019},
	publisher={BioMed Central}
}

@article{sievert_2019,
	title={Extending ggplot2 for Linked and Animated Web Graphics},
	author={Sievert, Carson and VanderPlas, Susan and Cai, Jun and Ferris, Kevin and Khan, Faizan Uddin Fahad and Hocking, Toby Dylan},
	journal={Journal of Computational and Graphical Statistics},
	volume={28},
	number={2},
	pages={299--308},
	year={2019},
	publisher={Taylor \& Francis}
}
